%% report.bib - contains BiBtex input for bibliography

@inproceedings{Chiozzi02,
  author =       {Gianluca Chiozzi and others},
  title =        {{CORBA}-Based Common Software for the {ALMA} Project},
  booktitle =    {Proceedings of SPIE 2002},
  year =         {2002}
}

@inproceedings{Chiozzi04,
  author =       {Gianluca Chiozzi and others},
  title =        {The {ALMA} {Common} {Software}:
                  A Developer Friendly {CORBA}-Based Framework},
  booktitle =    {Proceedings of SPIE 2004},
  year =         {2004}
}

@inproceedings{Raffi01,
  author =       {Gianni Raffi and Gianluca Chiozzi
                  and Brian Glendenning},
  title =        {{ALMA} {Common} {Software} ({ACS})
                  as a Basis for a Distributed Software Development},
  booktitle =    {Proceedings of the 11th
                  Astronomical Data Analysis Software \& Systems Conference},
  year =         {2001}
}

@misc{gchiozzi02,
  author =       {Gianluca Chiozzi and
                  Birger Gustafsson and
                  Bogdan Jeram and
                  Paula Sivera and
                  Mark Ple\v{s}ko and
                  Matej \v{S}ekoranja and
                  Ga\v{s}per Tka\v{c}ik and
                  Klemen \v{Z}agar and
                  David Fugate},
        title = {{ACS}, a {CORBA}-Based {Common} {Software} for {ALMA}
                 and other projects},
        year = 2002,
        howpublished = {\url{http://www.esrf.eu/conferences/Corba\_Controls/PAPERS/chiozzi2.pdf}}
}

@article{empirical,
	author = {Prechelt, Lutz},
	title = {An Empirical Comparison of Seven Programming Languages},
	journal = {Computer},
	volume = {33},
	number = {10},
	year = {2000},
	issn = {0018-9162},
	pages = {23--29},
	doi = {http://dx.doi.org/10.1109/2.876288},
	publisher = {IEEE Computer Society Press},
	address = {Los Alamitos, CA, USA},
}

@Article{matplotlib-paper,
  author = 	 {Hunter, J. D.},
  title = 	 {{Matplotlib}: A {2D} Graphics Environment},
  journal = 	 {Computing in Science \& Engineering},
  year = 	 2007,
  volume =	 9,
  number =	 3,
  pages =	 {90-95},
  doi =          {http://dx.doi.org/10.1109/MCSE.2007.55}
}

@InProceedings{acssamp,
  author =	 {P. Di Marcantonio and
                  Roberto Cirami and
                  Gianluca Chiozzi},
  title =	 {{ACS} Sampling System:
		  Design, Implementation and Performance Evaluation},
  booktitle =	 {Proceedings of SPIE},
  year =	 {2004}
}

%%%%%%% url

@Misc{ACS,
  key = {ACS},
  title =        {The ALMA Common Software (ACS)},
  howpublished = {\url{http://www.eso.org/~almamgr/AlmaAcs/}}
}

% JAVA
@Misc{JFreeChart,
  author =	 {David Gilbert},
  title =	 {{JFreeChart}},
  howpublished = {\url{http://www.jfree.org/jfreechart}}
}

@Misc{JChart2D,
  author =	 {Achim Westermann},
  title =	 {{JChart2D}},
  howpublished = {\url{http://jchart2d.sourceforge.net/index.shtml}}
}

@Misc{JCCKit,
  author =	 {Franz-Josef Elmer},
  title =	 {{JCCKit}: A Chart Construction Kit for the {Java} Platform},
  howpublished = {\url{http://jcckit.sourceforge.net}}
}

@Misc{QNPlot,
  author =	 {Kloe, Pascal S. de},
  title =	 {{QN Plot}: Charts with {Swing}},
  howpublished = {\url{http://quies.net/java/math/plot}}
}

% Python

@Misc{PyQwt,
  author =	 {Gerard Vermeulen},
  title =	 {{PyQwt}: A Set of {Python} Bindings for {Qwt}},
  howpublished = {\url{http://pyqwt.sourceforge.net}}
}

@Misc{Matplotlib,
  author =	 {John Hunter and
                  Darren Dale and
                  Michael Droettboom},
  title =	 {{matplotlib}: A {Python} {2D} Plotting Library},
  howpublished = {\url{http://matplotlib.sourceforge.net}}
}

@Misc{Biggles,
  author =	 {Mike Nolta},
  title =	 {{biggles}: Simple, Elegant {Python} Plotting},
  howpublished = {\url{http://biggles.sourceforge.net}}
}

@Misc{PyQtGraph,
  author =	 {Luke Campagnola},
  title =	 {{PyQtGraph} Scientific Graphics Library},
  howpublished = {\url{https://launchpad.net/pyqtgraph}}
}

% C++

@Misc{Qwt,
  author =	 {Uwe Rathmann and
                  Josef Wilgen},
  title =	 {{Qwt} - {Qt} Widgets for Technical Applications},
  howpublished = {\url{http://qwt.sourceforge.net}}
}

@Misc{Koolplot,
  author =	 {jlk},
  title =	 {{Koolplot}: Basic {2D} Graph Plotting}},
  howpublished = {\url{http://codecutter.org/tools/koolplot}}
}

@Misc{wxMathPlot,
  author =	 {David Schalig and
                  Davide Rondini},
  title =	 {{wxMathPlot}: Scientific Plotting for {wxWidgets}},
  howpublished = {\url{http://wxmathplot.sourceforge.net}}
}

@Misc{CARNAC,
  author =	 {{Interactive Network Technologies, Inc.}},
  title =	 {Carmac Chart Toolkit},
  howpublished = {\url{http://www.int.com/products/2d/carnac/chart\_component.htm}}
}

@Misc{GNUplot++,
  author =	 {Jun Asanuma},
  title =	 {{gnuplot++}: Gnuplot {API} using {C++}},
  howpublished = {\url{http://www.suiri.tsukuba.ac.jp/~asanuma/gnuplot++}}
}

@inproceedings{chiozzi09:_acs_status,
        author =    {G. Chiozzi and
                M. Sekoranja and
                        A. Caproni and
                        B. Jeram and
                        H. Sommer and
                        J. Schwarz and
                        R. Cirami and
                        H. Yatagai and
                        J. A. Avarias and
                        A. A. Hoffstadt and
                        J. S. L\'opez and
                        A. Grimstrup and
                        N. Troncoso},
        title =     {{ALMA} {Common} {Software} {(ACS)}, Status and Development},
        month =     oct,
        year =      2009,
        booktitle = {Proceedings of ICALEPS},
}

@inproceedings{2010AAS...21547901H,
   author = {{Hibbard}, J.~E. and {Corder}, S. and {ALMA Project Team}},
    title = "{Status of the Atacama Large Millimeter/Submillimeter Array}",
booktitle = {Bulletin of the American Astronomical Society},
     year = 2010,
   series = {Bulletin of the American Astronomical Society},
   volume = 41,
    month = jan,
    pages = {567-+},
   adsurl = {http://adsabs.harvard.edu/abs/2010AAS...21547901H},
  adsnote = {Provided by the SAO/NASA Astrophysics Data System}
}

@manual{acs:notification_channel,
  author =       {Jim Pisano and
                  David Fugate and
                  Sohaila Lucero},
  title =        {{ACS} Notification Channels (Design and Tutorial)},
  organization = {ALMA},
  edition =      {5.0.3},
  month =       April,
  year =         2008
}
